@article{1,
abstract = {If M is a von Neumann algebra in H, each faithful weight $\psi$ on M′ defines an operator-valued weight $\psi$-1 of L(H) on M. For each weight $\theta${symbol} on M the positive unbounded operator d$\theta${symbol} d$\psi$ = $\theta${symbol} {ring operator} $\psi$-1 satisfies all the usual properties of a Radon-Nikodym derivative. {\textcopyright} 1980.},
author = {Connes, A.},
doi = {10.1016/0022-1236(80)90002-6},
file = {:D\:/OneDrive - stu.hit.edu.cn/Article/Connes - 1980 - On the spatial theory of von Neumann algebras.pdf:pdf},
issn = {10960783},
journal = {Journal of Functional Analysis},
number = {2},
pages = {153--164},
title = {{On the spatial theory of von Neumann algebras}},
volume = {35},
year = {1980}
}
@book{2,
author = {Davies, Edward Brian},
publisher = {Academic Press},
title = {{One-parameter semigroups}},
year = {1980}
}
@article{3,
annote = {Lp space with faithful normal semifinite trace.},
author = {Dixmier, Jacques},
doi = {10.24033/bsmf.1436},
file = {:D\:/OneDrive - stu.hit.edu.cn/Article/Dixmier - 1953 - Formes lin{\'{e}}aires sur un anneau d'op{\'{e}}rateurs.pdf:pdf},
issn = {0037-9484},
journal = {Bulletin de la Soci{\'{e}}t{\'{e}} Math{\'{e}}matique de France},
pages = {9--39},
title = {{Formes lin{\'{e}}aires sur un anneau d'op{\'{e}}rateurs}},
url = {http://www.numdam.org/item?id=BSMF_1953__81__9_0},
volume = {79},
year = {1953}
}

@article{4,
author = {Haagerup, Uffe},
doi = {10.7146/math.scand.a-11606},
issn = {1903-1807},
journal = {MATHEMATICA SCANDINAVICA},
month = {dec},
pages = {271--283},
title = {{The standard form of von Neumann algebras.}},
url = {http://www.mscand.dk/article/view/11606},
volume = {37},
year = {1975}
}
@article{5,
author = {Haagerup, Uffe},
doi = {10.7146/math.scand.a-11768},
issn = {1903-1807},
journal = {MATHEMATICA SCANDINAVICA},
month = {jun},
pages = {99},
title = {{On the dual weights for crossed products of von Neumann algebras I.}},
url = {http://www.mscand.dk/article/view/11768},
volume = {43},
year = {1978}
}
@article{6,
author = {Haagerup, Uffe},
doi = {10.7146/math.scand.a-11769},
issn = {1903-1807},
journal = {MATHEMATICA SCANDINAVICA},
month = {jun},
pages = {119},
title = {{On the dual weights for crossed products of von Neumann algebras II.}},
url = {http://www.mscand.dk/article/view/11769},
volume = {43},
year = {1978}
}
@article{7,
author = {Haagerup, Uffe},
doi = {10.1016/0022-1236(79)90053-3},
issn = {00221236},
journal = {Journal of Functional Analysis},
month = {may},
number = {2},
pages = {175--206},
title = {{Operator valued weights in von Neumann algebras, I}},
url = {https://linkinghub.elsevier.com/retrieve/pii/0022123679900533},
volume = {32},
year = {1979}
}
@article{8,
author = {Haagerup, Uffe},
doi = {10.1016/0022-1236(79)90072-7},
issn = {00221236},
journal = {Journal of Functional Analysis},
mendeley-groups = {Jiaxin Li},
month = {sep},
number = {3},
pages = {339--361},
title = {{Operator valued weights in von Neumann algebras, II}},
url = {https://linkinghub.elsevier.com/retrieve/pii/0022123679900727},
volume = {33},
year = {1979}
}
@article{9,
author = {Haagerup, Uffe},
file = {:D\:/OneDrive - stu.hit.edu.cn/Article/Haagerup - 1979 - Lp-Spaces associated with an arbitrary von neumann algebra.pdf:pdf},
journal = {Algebres d ' operateurs et leurs applications en physique roathematique},
pages = {175--184},
title = {{Lp-Spaces associated with an arbitrary von neumann algebra}},
year = {1979}
}
@article{10,
author = {Hilsum, Michel},
doi = {10.1016/0022-1236(81)90065-3},
issn = {00221236},
journal = {Journal of Functional Analysis},
month = {feb},
number = {2},
pages = {151--169},
title = {{Les espaces Lp d'une alg{\`{e}}bre de von Neumann d{\'{e}}finies par la deriv{\'{e}}e spatiale}},
url = {https://linkinghub.elsevier.com/retrieve/pii/0022123681900653},
volume = {40},
year = {1981}
}
@article{11,
author = {Kosaki, Hideki},
doi = {10.1016/0022-1236(84)90025-9},
issn = {00221236},
journal = {Journal of Functional Analysis},
month = {mar},
number = {1},
pages = {29--78},
title = {{Applications of the complex interpolation method to a von Neumann algebra: Non-commutative Lp-spaces}},
url = {https://linkinghub.elsevier.com/retrieve/pii/0022123684900259},
volume = {56},
year = {1984}
}
@article{12,
author = {Kunze, R. A.},
doi = {10.2307/1993198},
issn = {00029947},
journal = {Transactions of the American Mathematical Society},
month = {nov},
number = {2},
pages = {519-540},
title = {{L p Fourier Transforms on Locally Compact Unimodular Groups}},
url = {https://www.jstor.org/stable/1993198?origin=crossref},
volume = {89},
year = {1958}
}
@article{13,
author = {Nelson, Edward},
doi = {10.1016/0022-1236(74)90014-7},
issn = {00221236},
journal = {Journal of Functional Analysis},
month = {feb},
number = {2},
pages = {103--116},
title = {{Notes on non-commutative integration}},
url = {https://linkinghub.elsevier.com/retrieve/pii/0022123674900147},
volume = {15},
year = {1974}
}
@article{14,
author = {Pedersen, Gert K. and Takesaki, Masamichi},
doi = {10.1007/BF02392262},
issn = {0001-5962},
journal = {Acta Mathematica},
pages = {53--87},
title = {{The Radon-Nikodym theorem for von neumann algebras}},
url = {http://projecteuclid.org/euclid.acta/1485889766},
volume = {130},
year = {1973}
}
@article{15,
author = {Segal, I. E.},
doi = {10.2307/1969729},
issn = {0003486X},
journal = {The Annals of Mathematics},
month = {may},
number = {3},
pages = {401},
title = {{A Non-Commutative Extension of Abstract Integration}},
url = {https://www.jstor.org/stable/1969729?origin=crossref},
volume = {57},
year = {1953}
}
@article{16,
author = {Stinespring, W. Forrest},
doi = {10.2307/1993266},
issn = {00029947},
journal = {Transactions of the American Mathematical Society},
month = {jan},
number = {1},
pages = {15},
title = {{Integration Theorems For Gages and Duality for Unimodular Groups}},
url = {https://www.jstor.org/stable/1993266?origin=crossref},
volume = {90},
year = {1959}
}
@book{17,
author = {Stratila, Serban-Valentin and Zsido, Laszlo},
doi = {10.1017/9781108654975},
isbn = {9781108496841},
month = {oct},
publisher = {Cambridge University Press},
title = {{Lectures on von Neumann Algebras}},
url = {https://www.cambridge.org/core/product/identifier/9781108654975/type/book},
year = {2020}
}
@article{18,
author = {Takesaki, Masamichi},
doi = {10.1007/BF02392041},
issn = {0001-5962},
journal = {Acta Mathematica},
pages = {249--310},
title = {{Duality for crossed products and the structure of von Neumann algebras of type III}},
url = {http://projecteuclid.org/euclid.acta/1485889792},
volume = {131},
year = {1973}
}
@article{19,
author = {Terp, Marianne},
doi = {https://doi.org/10.22034/AOT.1709-1231},
journal = {Advances in Operator Theory},
pages = {547 ---- 583},
title = {{Lp Fourier transformation on non-unimodular locally compact groups}},
volume = {2},
year = {2017}
}
@article{20,
author = {Terp, Marianne},
journal = {Journal of Operator Theory},
pages = {327--360},
title = {{Interpolation spaces between a von Neumann algebra and its predual}},
volume = {8},
year = {1982}
}
@article{21,
abstract = {1. Introduction . The spaces L 1 and L 2 of unbounded operators associated with a regular gauge space (von Neumann algebra equipped with a faithful normal semi-finite trace) are defined by Segal(5) definitions 3.3, 3.7. The spaces L p (1 < p < ∞, p ± 2) are defined by Dixmier(2) as the abstract completions of their bounded parts. Dixmier makes use of the Riesz convexity theorem to prove the H{\"{o}}lder inequality, and the uniform convexity, and hence reflexivity, of L L p (2 < p < ∞).},
author = {Yeadon, F. J.},
doi = {10.1017/S0305004100049434},
issn = {0305-0041},
journal = {Mathematical Proceedings of the Cambridge Philosophical Society},
month = {jan},
number = {1},
pages = {91--102},
title = {{Non-commutative L P -spaces}},
url = {https://www.cambridge.org/core/product/identifier/S0305004100049434/type/journal_article},
volume = {77},
year = {1975}
}
@book{22,
address = {Berlin, Heidelberg},
author = {Yosida, K{\^{o}}saku},
doi = {10.1007/978-3-642-61859-8},
isbn = {978-3-540-58654-8},
publisher = {Springer Berlin Heidelberg},
series = {Classics in Mathematics},
title = {{Functional Analysis}},
url = {http://link.springer.com/10.1007/978-3-642-61859-8},
volume = {123},
year = {1995}
}
@book{23,
author = {Zygmund, A. and Fefferman, Robert},
doi = {10.1017/CBO9781316036587},
isbn = {9780521890533},
month = {feb},
publisher = {Cambridge University Press},
title = {{Trigonometric Series}},
url = {https://www.cambridge.org/core/product/identifier/9781316036587/type/book},
year = {2003}
}
